@online{inside-airbnb-2023,
	author = {{Inside Airbnb}},
	date = {2023-12-27},
	subtitle = {Adding data to the debate},
	title = {Inside Airbnb},
	url = {https://insideairbnb.com/get-the-data/},
	urldate = {2024-05-30},
}

@dataset{inside-airbnb-2022,
	author = {{Inside Airbnb}},
	date = {2022-08},
	subtitle = {Data Dictionary for Listings.csV detailed file},
	title = {Inside Airbnb Data Dictionary},
	url = {https://docs.google.com/spreadsheets/d/1iWCNJcSutYqpULSQHlNyGInUvHg2BoUGoNRIGa6Szc4/edit#gid=1322284596},
	urldate = {2024-05-30},
	version = {4.3},
}

@online{openai-2022,
	author = {{OpenAI}},
	date = {2022-11},
	title = {ChatGPT},
	url = {https://chatgpt.com/},
	urldate = {2024-05-31},
}